<collection xmlns="http://www.loc.gov/MARC21/slim">
<record>
  <leader>01284nam0a2200217 i 450 </leader>
  <controlfield tag="001">IT\ICCU\CNCE\061580</controlfield>
  <controlfield tag="005">20120321000000.0</controlfield>
  <datafield tag="012" ind1=" " ind2=" ">
    <subfield code="a">leua tee. oira voet (C) 1542 (R)</subfield>
    <subfield code="2">fei</subfield>
  </datafield>
  <datafield tag="100" ind1=" " ind2=" ">
    <subfield code="a">20051003d1542        0itac0103    ba</subfield>
  </datafield>
  <datafield tag="101" ind1=" " ind2=" ">
    <subfield code="a">ITA</subfield>
  </datafield>
  <datafield tag="102" ind1=" " ind2=" ">
    <subfield code="a">IT</subfield>
  </datafield>
  <datafield tag="200" ind1="1" ind2=" ">
    <subfield code="a">℗Vna ℗morte finta d&apos;amore, nella quale si veggono sette nobili donne romane piangendolo come morto, rubbar le quali vna, e quale vn&apos;altra cosa, doue giungendo due ninphe per sepelirlo credendolo estinto, esso in quello suegliatosi espone la cagione del suo abbagliamento esser stato le bellezze di dette donne, doue elle li restituiscono l&apos;armi toltele, saluo vna che si ritiene li strali</subfield>
  </datafield>
  <datafield tag="210" ind1=" " ind2=" ">
    <subfield code="e">\Venezia!</subfield>
    <subfield code="g">stampato ad instantia di Francescho Maron detto il Faentin</subfield>
    <subfield code="h">1542</subfield>
  </datafield>
  <datafield tag="215" ind1=" " ind2=" ">
    <subfield code="a">\12! c.</subfield>
    <subfield code="d">4ʻ</subfield>
  </datafield>
  <datafield tag="300" ind1=" " ind2=" ">
    <subfield code="a">Per il luogo cfr.: D. E. Rhodes, Some rare Florentine and Venetian printers and bookseller, 16th century. In: ±La Bibliofilia, 95 (1993), n. 1, p. 43</subfield>
  </datafield>
  <datafield tag="620" ind1=" " ind2=" ">
    <subfield code="a">IT</subfield>
    <subfield code="d">Venezia</subfield>
  </datafield>
  <datafield tag="712" ind1="0" ind2="0">
    <subfield code="a">Faentino, Francesco</subfield>
    <subfield code="3">IT\ICCU\CNCT\001657</subfield>
    <subfield code="4">650</subfield>
  </datafield>
  <datafield tag="791" ind1="0" ind2="2">
    <subfield code="a">Francesco detto el Faentino</subfield>
    <subfield code="3">IT\ICCU\CNCT\005177</subfield>
    <subfield code="z">Faentino, Francesco</subfield>
  </datafield>
  <datafield tag="791" ind1="0" ind2="0">
    <subfield code="a">Maron, Francesco</subfield>
    <subfield code="3">IT\ICCU\CNCT\005178</subfield>
    <subfield code="z">Faentino, Francesco</subfield>
  </datafield>
  <datafield tag="801" ind1=" " ind2="3">
    <subfield code="a">IT</subfield>
    <subfield code="b">ICCU</subfield>
    <subfield code="c">20201115</subfield>
  </datafield>
  <datafield tag="899" ind1=" " ind2=" ">
    <subfield code="a">Biblioteca nazionale Marciana. Venezia</subfield>
    <subfield code="1">VE0049</subfield>
    <subfield code="2">VEA BM</subfield>
  </datafield>
</record>
</collection>
